<?xml version="1.0" encoding="UTF-8"?><collection xmlns="http://www.loc.gov/MARC21/slim"><record><leader>00401nam--2200157-i-4500</leader><controlfield tag="001">000000203</controlfield><controlfield tag="002">20161230</controlfield><controlfield tag="005">20170116004008</controlfield><controlfield tag="008">060222s1000------------r-----000-0-eng-d</controlfield><datafield ind1=" " ind2=" " tag="100"><subfield code="a">Frieser, Alfred</subfield></datafield><datafield ind1=" " ind2=" " tag="245"><subfield code="a">Mikrowellenmesstechnik</subfield></datafield><datafield ind1=" " ind2=" " tag="260"><subfield code="a">Berlin</subfield><subfield code="b">Akademie-Verlag</subfield></datafield><datafield ind1=" " ind2=" " tag="300"><subfield code="a">192 p.+ 1 Pl</subfield></datafield><datafield ind1=" " ind2=" " tag="490"><subfield code="a">Wtb.Wissenschaftliche Taschenbucher</subfield></datafield><datafield ind1=" " ind2=" " tag="852"><subfield code="a">22622</subfield></datafield><datafield ind1=" " ind2=" " tag="CAT"><subfield code="a">SYS</subfield><subfield code="c">20170116</subfield><subfield code="h">004008</subfield></datafield></record></collection>